\bibitem{bib:resource-modeling}  See
  \url{https://github.com/kenbloom/resource-modeling}.
  %
\bibitem{bib:AAA} K.~Bloom, T.~Boccali, B.~Bockelman, D.~Bradley, S.~Dasu,
  J.~Dost, F.~Fanzago, I.~Sfiligoi, A.~Mrak Tadel, M.~Tadel, C.~Vuosalo,
  F.~W{\"u}rthwein, A.~Yagil and M.~Zvada, ``Any Data, Any Time, Anywhere:
  Global Data Access for Science,'' 2015 IEEE/ACM 2nd International
  Symposium on Big Data Computing (BDC), Limassol, pp. 85-91 (2015),
  \url{https://arxiv.org/abs/1508.01443}, \url{http://dx.doi.org/10.1109/BDC.2015.33}.
  %
\bibitem{bib:hepcloud} Get a HEPCloud reference paper, something else demonstrating elasticity etc.
%
\bibitem{bib:single-top-papers}
CMS Collaboration, ``Observation of the associated production of a single top quark and a W boson in pp collisions at $\sqrt{s}=$8\TeV,'' Phys. Rev. Lett. 112 (23), 231802 (2014), \url{http://dx.doi.org/10.1103/PhysRevLett.112.231802};
%
CMS Collaboration, ``Measurement of the t-channel single-top-quark production cross section and of the $|V_{tb}|$ CKM matrix element in pp collisions at $\sqrt{s} = 8$\TeV,'' JHEP 06 (2014) 090, \url{http://dx.doi.org/10.1007/JHEP06(2014)090};
%
CMS Collaboration, ``Measurement of the W boson helicity in events with a
single reconstructed top quark in pp collisions at $\sqrt{s}=$8\TeV,''
Journal of High Energy Physics {\bf 01},  053 (2015),
\url{http://dx.doi.org/10.1007/JHEP01(2015)053}.
\bibitem{bib:tracker-top-mass}
 CMS Collaboration, ``Measurement of the top quark mass using charged
 particles in pp collisions at $\sqrt{s} = 8$\TeV,'' Phys. Rev.  D93 092006
 (2016), \url{http://dx.doi.org/10.1103/PhysRevD.93.092006}. 
\bibitem{bib:tHqbbPAS} CMS Collaboration, ``Search for $H \to b\bar{b}$ in
  association with single top quarks as a test of Higgs boson couplings,'' CMS PAS HIG-14-015 (2015), \url{https://cds.cern.ch/record/1952829}
\bibitem{bib:tHqRun1} CMS Collaboration, ``Search for the associated
  production of a Higgs boson with a single top quark in proton-proton
  collisions at $sqrt{s} = 8$\TeV," Journal of High Energy Physics 06 177 (2016), \url{http://arxiv.org/abs/1509.08159}.
  \bibitem{bib:tHqRun2PAS} CMS Collaboration, ``Search for the associated
    production of a Higgs boson and a single top quark in $pp$ collisions
    at $\sqrt{s} = 13$\TeV,'' CMS PAS HIG-18-009 (2018),
    \url{https://cds.cern.ch/record/2628662}.
    \bibitem{bib:tHqRun2} CMS Collaboration, ``Search for the associated
    production of a Higgs boson and a single top quark in $pp$ collisions
    at $\sqrt{s} = 13$\TeV,'' FILL IN PUB INFO WHEN READY.
\bibitem{bib:ttHmultilep} CMS Collaboration, ``Search for $t\bar{t}H$
  production in multilepton final states at $\sqrt{s} = 13$\TeV, CMS PAS
  HIG-15-008 (2015), \url{https://cds.cern.ch/record/2141078}.
\bibitem{bib:higgs-LFV}
 CMS Collaboration, ``Search for lepton-flavour-violating decays of the Higgs boson, '' Phys. Lett. {\bf B749} 337 (2015), \url{http://dx.doi.org/10.1016/j.physletb.2015.07.053}.
\bibitem{bib:quark-compositness-etc}
CMS Collaboration, ``Search for quark contact interactions and extra spatial dimensions using dijet angular distributions in protonâ€“proton collisions at $\sqrt{s}$8\TeV,'' Phys. Lett. {\bf B746} 79 (2015), \url{http://dx.doi.org/10.1016/j.physletb.2015.04.042}.
\bibitem{bib:bstar}
CMS Collaboration, ``Search for the production of an excited bottom quark decaying to tW in proton-proton collisions at $\sqrt{s} = 8\TeV$,'' Journal of High Energy Physics 01 166 (2016),  \url{http://arxiv.org/abs/1509.08141}, \url{https://doi.org/10.1007/JHEP01(2016)166}.

\bibitem{bib:Phase2TDR}
CMS Collaboration, ``The Phase-2 Upgrade of the CMS Tracker,'' CERN-LHCC-2017-009 (2017),
\url{https://cds.cern.ch/record/2272264}.

\end{thebibliography}



